@article{mitiq,
  title     = {Mitiq: A software package for error mitigation on noisy quantum computers},
  author    = {Ryan LaRose and Andrea Mari and Sarah Kaiser and Peter J. Karalekas and Andre A. Alves and Piotr Czarnik and Mohamed El Mandouh and Max H. Gordon and Yousef Hindy and Aaron Robertson and Purva Thakre and Misty Wahl and Danny Samuel and Rahul Mistri and Maxime Tremblay and Nick Gardner and Nathaniel T. Stemen and Nathan Shammah and William J. Zeng},
  journal   = {Quantum},
  year      = {2022},
  month     = {Aug},
  doi       = {10.22331/q-2022-08-11-774},
  url       = {https://doi.org/10.22331/q-2022-08-11-774},
  publisher = {Verein zur Forderung des Open Access Publizierens in den Quantenwissenschaften},
  volume    = {6},
  pages     = {774},
}
