# Style for keys: Lastname_YYYY_PRL,
# Letter A
# Letter B
# Letter C
# Letter D
# Letter E

@article{Endo_2018_PRX,
  title = {Practical Quantum Error Mitigation for Near-Future Applications},
  author = {Endo, Suguru and Benjamin, Simon C. and Li, Ying},
  journal = {Phys. Rev. X},
  volume = {8},
  issue = {3},
  pages = {031027},
  numpages = {21},
  year = {2018},
  month = {Jul},
  publisher = {American Physical Society},
  doi = {10.1103/PhysRevX.8.031027},
  url = {https://link.aps.org/doi/10.1103/PhysRevX.8.031027}
}

# Letter F
# Letter G
# Letter H
# Letter I
# Letter J
# Letter K

@article{Kandala_2019_Nature,
	Author = {Kandala, Abhinav and Temme, Kristan and C{\'o}rcoles, Antonio D. and Mezzacapo, Antonio and Chow, Jerry M. and Gambetta, Jay M.},
	Da = {2019/03/01},
	Date-Added = {2020-04-01 15:41:53 +0200},
	Date-Modified = {2020-04-01 15:41:53 +0200},
	Doi = {10.1038/s41586-019-1040-7},
	Id = {Kandala2019},
	Isbn = {1476-4687},
	Journal = {Nature},
	Number = {7749},
	Pages = {491--495},
	Title = {Error mitigation extends the computational reach of a noisy quantum processor},
	Ty = {JOUR},
	Url = {https://doi.org/10.1038/s41586-019-1040-7},
	Volume = {567},
	Year = {2019},
	}

# Letter L
# Letter M
# Letter N
# Letter O
# Letter P
@article{Preskill_2018_Quantum,
   title={Quantum Computing in the {N}{I}{S}{Q} era and beyond},
   volume={2},
   ISSN={2521-327X},
   url={http://dx.doi.org/10.22331/q-2018-08-06-79},
   DOI={10.22331/q-2018-08-06-79},
   journal={Quantum},
   publisher={Verein zur Forderung des Open Access Publizierens in den Quantenwissenschaften},
   author={Preskill, John},
   year={2018},
   month={Aug},
   pages={79}
}

# Letter Q
# Letter R
# Letter S
# Letter T
@article{Temme_2017_PRL,
   title={Error Mitigation for Short-Depth Quantum Circuits},
   volume={119},
   ISSN={1079-7114},
   url={http://dx.doi.org/10.1103/PhysRevLett.119.180509},
   DOI={10.1103/physrevlett.119.180509},
   number={18},
   journal={Physical Review Letters},
   publisher={American Physical Society (APS)},
   author={Temme, Kristan and Bravyi, Sergey and Gambetta, Jay M.},
   year={2017},
   month={Nov}
}

# Letter U
# Letter V
# Letter W
@article{Wallman_2016_PRA,
  title = {Noise tailoring for scalable quantum computation via randomized compiling},
  author = {Wallman, Joel J. and Emerson, Joseph},
  journal = {Phys. Rev. A},
  volume = {94},
  issue = {5},
  pages = {052325},
  numpages = {9},
  year = {2016},
  month = {Nov},
  publisher = {American Physical Society},
  doi = {10.1103/PhysRevA.94.052325},
  url = {https://link.aps.org/doi/10.1103/PhysRevA.94.052325}
}

# Letter X
# Letter Y
# Letter Z
