	@misc{Mitiq,
	  author={
	  LaRose, Ryan and Mari, Andrea and Shammah, Nathan and Karalekas, Peter and Zeng, Will},
	  title = {Mitiq: A software package for error mitigation on near-term quantum computers},
	  howpublished = {\url{https://github.com/unitaryfund/mitiq}},
	  year={2020}
	}