# Style for keys: Lastname_YYYY_PRL,
### List: Bonet_2018_PRA, Brif_2010_NJP, Breuer_2007_Oxford, Cafaro_2014_PRA, Carmichael_1999_Springer, Carmichael_2007_Springer, Endo_2018_PRX, Gardiner_2004_Springer, Kandala_2019_Nature, Knill_2005_Nature, McClean_2017_PRA, McClean_2020_NatComm, Temme_2017_PRL, Wallman_2016_PRA,

# Letter A
# Letter B

@article{Bonet_2018_PRA,
  title = {Low-cost error mitigation by symmetry verification},
  author = {Bonet-Monroig, X. and Sagastizabal, R. and Singh, M. and O'Brien, T. E.},
  journal = {Phys. Rev. A},
  volume = {98},
  issue = {6},
  pages = {062339},
  numpages = {10},
  year = {2018},
  month = {Dec},
  publisher = {American Physical Society},
  doi = {10.1103/PhysRevA.98.062339},
  url = {https://link.aps.org/doi/10.1103/PhysRevA.98.062339}
}


@article{Brif_2010_NJP,
   title={Control of quantum phenomena: past, present and future},
   volume={12},
   ISSN={1367-2630},
   url={http://dx.doi.org/10.1088/1367-2630/12/7/075008},
   DOI={10.1088/1367-2630/12/7/075008},
   number={7},
   journal={New Journal of Physics},
   publisher={IOP Publishing},
   author={Brif, Constantin and Chakrabarti, Raj and Rabitz, Herschel},
   year={2010},
   month={Jul},
   pages={075008}
}

@book{Breuer_2007_Oxford,
	Author = {Breuer, H.P. and Petruccione, F.},
	Isbn = {9780199213900},
	Publisher = {OUP Oxford},
	Title = {The Theory of Open Quantum Systems},
	Year = {2007}}

# Letter C
@article{Cafaro_2014_PRA,
  title = {Approximate quantum error correction for generalized amplitude-damping errors},
  author = {Cafaro, Carlo and van Loock, Peter},
  journal = {Phys. Rev. A},
  volume = {89},
  issue = {2},
  pages = {022316},
  numpages = {32},
  year = {2014},
  month = {Feb},
  publisher = {American Physical Society},
  doi = {10.1103/PhysRevA.89.022316},
  url = {https://link.aps.org/doi/10.1103/PhysRevA.89.022316}
}

@book{Carmichael_1999_Springer,
	title = {Statistical Methods in Quantum Optics 1: Master Equations and Fokker-Planck Equations},
	isbn = {978-3-540-54882-9},
	shorttitle = {Statistical Methods in Quantum Optics 1},
	publisher = {Springer-Verlag},
	author = {Carmichael, Howard J.},
	year = {1999},
	langid = {english}
}


@book{Carmichael_2007_Springer,
  title={Statistical Methods in Quantum Optics 2: Non-Classical Fields},
  author={Carmichael, H.J.},
  isbn={9783540713197},
  lccn={98040873},
   year={2007},
  publisher={Springer Berlin Heidelberg}
}

# Letter D
# Letter E

@article{Endo_2018_PRX,
  title = {Practical Quantum Error Mitigation for Near-Future Applications},
  author = {Endo, Suguru and Benjamin, Simon C. and Li, Ying},
  journal = {Phys. Rev. X},
  volume = {8},
  issue = {3},
  pages = {031027},
  numpages = {21},
  year = {2018},
  month = {Jul},
  publisher = {American Physical Society},
  doi = {10.1103/PhysRevX.8.031027},
  url = {https://link.aps.org/doi/10.1103/PhysRevX.8.031027}
}

# Letter F
# Letter G
@book{Gardiner_2004_Springer,
  title={Quantum Noise: A Handbook of Markovian and Non-{M}arkovian Quantum Stochastic Methods with Applications to Quantum Optics},
  author={Gardiner, C. and Zoller, P.},
  isbn={9783540223016},
  lccn={2004108253},
  year={2004},
  publisher={Springer}
}
# Letter H
# Letter I
# Letter J
# Letter K

@article{Kandala_2019_Nature,
	Author = {Kandala, Abhinav and Temme, Kristan and C{\'o}rcoles, Antonio D. and Mezzacapo, Antonio and Chow, Jerry M. and Gambetta, Jay M.},
	Da = {2019/03/01},
	Date-Added = {2020-04-01 15:41:53 +0200},
	Date-Modified = {2020-04-01 15:41:53 +0200},
	Doi = {10.1038/s41586-019-1040-7},
	Id = {Kandala2019},
	Isbn = {1476-4687},
	Journal = {Nature},
	Number = {7749},
	Pages = {491--495},
	Title = {Error mitigation extends the computational reach of a noisy quantum processor},
	Ty = {JOUR},
	Url = {https://doi.org/10.1038/s41586-019-1040-7},
	Volume = {567},
	Year = {2019},
	}

@article{Knill_2005_Nature,
   title={Quantum computing with realistically noisy devices},
   volume={434},
   ISSN={1476-4687},
   url={http://dx.doi.org/10.1038/nature03350},
   DOI={10.1038/nature03350},
   number={7029},
   journal={Nature},
   publisher={Springer Science and Business Media LLC},
   author={Knill, E.},
   year={2005},
   month={Mar},
   pages={39â€“44}
}


# Letter L
@article{Li_2017_2017,
  title = {Efficient Variational Quantum Simulator Incorporating Active Error Minimization},
  author = {Li, Ying and Benjamin, Simon C.},
  journal = {Phys. Rev. X},
  volume = {7},
  issue = {2},
  pages = {021050},
  numpages = {14},
  year = {2017},
  month = {Jun},
  publisher = {American Physical Society},
  doi = {10.1103/PhysRevX.7.021050},
  url = {https://link.aps.org/doi/10.1103/PhysRevX.7.021050}
}

# Letter M
@article{McClean_2017_PRA,
  title = {Hybrid quantum-classical hierarchy for mitigation of decoherence and determination of excited states},
  author = {McClean, Jarrod R. and Kimchi-Schwartz, Mollie E. and Carter, Jonathan and de Jong, Wibe A.},
  journal = {Phys. Rev. A},
  volume = {95},
  issue = {4},
  pages = {042308},
  numpages = {10},
  year = {2017},
  month = {Apr},
  publisher = {American Physical Society},
  doi = {10.1103/PhysRevA.95.042308},
  url = {https://link.aps.org/doi/10.1103/PhysRevA.95.042308}
}

@article{McClean_2020_NatComm,
   title={Decoding quantum errors with subspace expansions},
   volume={11},
   ISSN={2041-1723},
   url={http://dx.doi.org/10.1038/s41467-020-14341-w},
   DOI={10.1038/s41467-020-14341-w},
   number={1},
   journal={Nature Communications},
   publisher={Springer Science and Business Media LLC},
   author={McClean, Jarrod R. and Jiang, Zhang and Rubin, Nicholas C. and Babbush, Ryan and Neven, Hartmut},
   year={2020},
   month={Jan}
}


# Letter N
# Letter O
# Letter P
@article{Preskill_2018_Quantum,
   title={Quantum Computing in the {N}{I}{S}{Q} era and beyond},
   volume={2},
   ISSN={2521-327X},
   url={http://dx.doi.org/10.22331/q-2018-08-06-79},
   DOI={10.22331/q-2018-08-06-79},
   journal={Quantum},
   publisher={Verein zur Forderung des Open Access Publizierens in den Quantenwissenschaften},
   author={Preskill, John},
   year={2018},
   month={Aug},
   pages={79}
}
# Letter Q
# Letter R
# Letter S
# Letter T
@article{Temme_2017_PRL,
   title={Error Mitigation for Short-Depth Quantum Circuits},
   volume={119},
   ISSN={1079-7114},
   url={http://dx.doi.org/10.1103/PhysRevLett.119.180509},
   DOI={10.1103/physrevlett.119.180509},
   number={18},
   journal={Physical Review Letters},
   publisher={American Physical Society (APS)},
   author={Temme, Kristan and Bravyi, Sergey and Gambetta, Jay M.},
   year={2017},
   month={Nov}
}

# Letter U
# Letter V
# Letter W
@article{Wallman_2016_PRA,
  title = {Noise tailoring for scalable quantum computation via randomized compiling},
  author = {Wallman, Joel J. and Emerson, Joseph},
  journal = {Phys. Rev. A},
  volume = {94},
  issue = {5},
  pages = {052325},
  numpages = {9},
  year = {2016},
  month = {Nov},
  publisher = {American Physical Society},
  doi = {10.1103/PhysRevA.94.052325},
  url = {https://link.aps.org/doi/10.1103/PhysRevA.94.052325}
}
# Letter X
# Letter Y
# Letter Z
